@article{essa,
  title={essaMEM: finding maximal exact matches using enhanced sparse suffix arrays},
  author={Vyverman, Micha{\"e}l and De Baets, Bernard and Fack, Veerle and Dawyndt, Peter},
  journal={Bioinformatics},
  volume={29},
  number={6},
  pages={802--804},
  year={2013},
  publisher={Oxford Univ Press}
}

@article{ssa,
  title={A practical algorithm for finding maximal exact matches in large sequence datasets using sparse suffix arrays},
  author={Khan, Zia and Bloom, Joshua S and Kruglyak, Leonid and Singh, Mona},
  journal={Bioinformatics},
  volume={25},
  number={13},
  pages={1609--1616},
  year={2009},
  publisher={Oxford Univ Press}
}

@article{esa,
  title={Replacing suffix trees with enhanced suffix arrays},
  author={Abouelhoda, Mohamed Ibrahim and Kurtz, Stefan and Ohlebusch, Enno},
  journal={Journal of Discrete Algorithms},
  volume={2},
  number={1},
  pages={53--86},
  year={2004},
  publisher={Elsevier}
}

@article{large-genomes,
  title={Versatile and open software for comparing large genomes},
  author={Kurtz, Stefan and Phillippy, Adam and Delcher, Arthur L and Smoot, Michael and Shumway, Martin and Antonescu, Corina and Salzberg, Steven L},
  journal={Genome biology},
  volume={5},
  number={2},
  pages={1},
  year={2004},
  publisher={BioMed Central}
}

@inproceedings{lcp,
  title={Linear-time longest-common-prefix computation in suffix arrays and its applications},
  author={Kasai, Toru and Lee, Gunho and Arimura, Hiroki and Arikawa, Setsuo and Park, Kunsoo},
  booktitle={Annual Symposium on Combinatorial Pattern Matching},
  pages={181--192},
  year={2001},
  organization={Springer}
}
